@article{sjtuTech,
  title={Tech-report 2014-4},
  author={Lu Chen, Tianxing He},
  journal={Tech-report},
  year={2014}
}
